@misc{londono2014guias,
  title={Gu{\'\i}as para construir estados del arte},
  author={Londo{\~n}o Palacio, Olga Luc{\'\i}a and Maldonado Granados, Luis Facundo and Calder{\'o}n Villaf{\'a}{\~n}ez, Liccy Catalina},
  year={2014},
  journal ={},
  publisher={International Corporation of Networks of Knowledge}
}

@article{sapunar2016epidemiologia,
  title={Epidemiolog{\'\i}a de la diabetes mellitus en Chile},
  author={Sapunar, Jorge},
  journal={Revista M{\'e}dica Cl{\'\i}nica Las Condes},
  volume={27},
  number={2},
  pages={146--151},
  year={2016},
  publisher={Elsevier}
}

@article{SAPUNARZ2016146,
title = {EPIDEMIOLOGÍA DE LA DIABETES MELLITUS EN CHILE},
journal = {Revista Médica Clínica Las Condes},
volume = {27},
number = {2},
pages = {146-151},
year = {2016},
note = {Tema central: Diabetes},
issn = {0716-8640},
doi = {https://doi.org/10.1016/j.rmclc.2016.04.003},
url = {https://www.sciencedirect.com/science/article/pii/S0716864016300037},
author = {Jorge {Sapunar Z.}},
keywords = {Diabetes mellitus tipo 2, epidemiología DM, obesidad, nefropatía diabética, retinopatía diabética, amputación extremidad inferior, Diabetes mellitus type 2, diabetic epidemiology, obesity, diabetic nephropaty, diabetic retinopathy, limb amputations},
abstract = {RESUMEN
Existe consenso en que la diabetes mellitus 2, las enfermedades asociadas como la obesidad y desenlaces derivados como la enfermedad cardiovascular, han experimentado un explosivo aumento en su frecuencia a nivel mundial. Nuestro país se encuentra en un proceso de transformación demográfica y de modificación de estilo de vida que ha conducido a que ostentemos una de las tasas de prevalencia de diabetes mellitus y obesidad más altas del continente. Sin embargo, se deben analizar con cautela los datos que llevan a estas conclusiones, ya que muchos de éstos surgen de estudios con muestras de población no representativa o de modelos estadísticos predictivos. La importancia epidemiológica de la diabetes mellitus no depende solamente de su frecuencia, sino también de la carga de morbilidad y mortalidad asociada, por la cual esta enfermedad es causa principal de insuficiencia renal, ceguera y amputaciones de extremidades inferiores en Chile. Finalmente, la frecuencia, morbilidad y mortalidad de la diabetes mellitus, se suman para explicar que el manejo de la enfermedad y sus complicaciones consuma el 10,2% del presupuesto en salud de Chile.
SUMMARY
There is consensus that diabetes mellitus type 2 and the associated outcomes such as obesity and cardiovascular disease have experienced an explosive increase worldwide. Our country is in a process of demographic transformation and modification of lifestyle, which has led to have one of the highest prevalence of diabetes mellitus and obesity in the continent. But we must carefully analyze the data lead us to these conclusions, since many of these prevalence estimations, arise from studies with non-representative samples or statistics prediction models. The epidemiological importance of diabetes mellitus depends not only on its frequency, but also in the burden of the disease and the associated mortality, because DM type 2 is the leading cause of kidney failure, blindness and limb amputations in Chile. Finally, the morbidity and mortality frequency of diabetes mellitus explain the high costs in the management and its complications, which consume the 10.2% of the health budget in Chile.}
}

@misc{ministerio2022estrategia,
  title={Estrategia nacional de salud para los objetivos sanitarios al 2030},
  author={Ministerio de Salud},
  year={2022},
  publisher={MINSAL Santiago, Chile}
}

@article{mishra2017diabetic,
  title={Diabetic foot},
  author={Mishra, Satish Chandra and Chhatbar, Kunal C and Kashikar, Aditi and Mehndiratta, Abha},
  journal={Bmj},
  volume={359},
  year={2017},
  publisher={British Medical Journal Publishing Group}
}

@inproceedings{bandyk2018diabetic,
  title={The diabetic foot: Pathophysiology, evaluation, and treatment},
  author={Bandyk, Dennis F},
  booktitle={Seminars in vascular surgery},
  volume={31},
  number={2-4},
  pages={43--48},
  year={2018},
  organization={Elsevier}
}

@article{troncoso2020estilos,
  title={Estilos de vida y cumplimiento de las Gu{\'\i}as Alimentarias Chilenas: resultados de la ENS 2016-2017},
  author={Troncoso-Pantoja, Claudia and Lanuza, Fabi{\'a}n and Mart{\'\i}nez-Sanguinetti, Mar{\'\i}a Adela and Leiva, Ana Mar{\'\i}a and Ram{\'\i}rez-Alarc{\'o}n, Karina and Martorell, Miquel and Labra{\~n}a, Ana Mar{\'\i}a and Parra-Soto, Solange and Lasserre-Laso, Nicole and Nazar, Gabriela and others},
  journal={Revista chilena de nutrici{\'o}n},
  volume={47},
  number={4},
  pages={650--657},
  year={2020},
  publisher={SciELO Chile}
}

@article{sarmiento2022patrones,
  title={Patrones de multimorbilidad en la poblaci{\'o}n chilena mayor de 15 a{\~n}os: an{\'a}lisis de datos epidemiol{\'o}gicos de la Encuesta Nacional de Salud 2016-2017},
  author={Sarmiento, L Luis},
  journal={Revista M{\'e}dica Cl{\'\i}nica Las Condes},
  volume={33},
  number={1},
  pages={75--89},
  year={2022},
  publisher={Elsevier}
}

@article{organizacion2016informe,
  title={Informe mundial sobre la diabetes},
  author={Organizaci{\'o}n Mundial de la Salud},
  journal={Ginebra},
  number={4},
  pages={1--4},
  year={2016}
}

@inproceedings{wirth2000crisp,
  title={CRISP-DM: Towards a standard process model for data mining},
  author={Wirth, R{\"u}diger and Hipp, Jochen},
  booktitle={Proceedings of the 4th international conference on the practical applications of knowledge discovery and data mining},
  volume={1},
  pages={29--39},
  year={2000},
  organization={Manchester}
}
@inproceedings{jonkers1993overview,
  title={An overview of the SPRINT method},
  author={Jonkers, HBM},
  booktitle={FME'93: Industrial-Strength Formal Methods: First International Symposium of Formal Methods Europe Odense, Denmark, April 19--23, 1993 Proceedings 1},
  pages={403--427},
  year={1993},
  organization={Springer}
}
@article{van2017computational,
  title={Computational radiomics system to decode the radiographic phenotype},
  author={Van Griethuysen, Joost JM and Fedorov, Andriy and Parmar, Chintan and Hosny, Ahmed and Aucoin, Nicole and Narayan, Vivek and Beets-Tan, Regina GH and Fillion-Robin, Jean-Christophe and Pieper, Steve and Aerts, Hugo JWL},
  journal={Cancer research},
  volume={77},
  number={21},
  pages={e104--e107},
  year={2017},
  publisher={American Association for Cancer Research}
}
@article{thompson2013reliability,
  title={Reliability and validity of the revised photographic wound assessment tool on digital images taken of various types of chronic wounds},
  author={Thompson, Nicole and Gordey, Lisa and Bowles, Heather and Parslow, Nancy and Houghton, Pamela},
  journal={Advances in skin \& wound care},
  volume={26},
  number={8},
  pages={360--373},
  year={2013},
  publisher={LWW}
}

@article{Curti2024,
  title = {Automated Prediction of Photographic Wound Assessment Tool in Chronic Wound Images},
  volume = {48},
  ISSN = {1573-689X},
  url = {http://dx.doi.org/10.1007/s10916-023-02029-9},
  DOI = {10.1007/s10916-023-02029-9},
  number = {1},
  journal = {Journal of Medical Systems},
  publisher = {Springer Science and Business Media LLC},
  author = {Curti,  Nico and Merli,  Yuri and Zengarini,  Corrado and Starace,  Michela and Rapparini,  Luca and Marcelli,  Emanuela and Carlini,  Gianluca and Buschi,  Daniele and Castellani,  Gastone C. and Piraccini,  Bianca Maria and Bianchi,  Tommaso and Giampieri,  Enrico},
  year = {2024},
  month = jan 
}

@article{sachdeva2016scrum,
  title={Scrum methodology},
  author={Sachdeva, Sakshi},
  journal={Int. J. Eng. Comput. Sci},
  volume={5},
  number={16792},
  pages={16792--16800},
  year={2016}
}


@Article{healthcare11020273,
AUTHOR = {Chairat, Sawrawit and Chaichulee, Sitthichok and Dissaneewate, Tulaya and Wangkulangkul, Piyanun and Kongpanichakul, Laliphat},
TITLE = {AI-Assisted Assessment of Wound Tissue with Automatic Color and Measurement Calibration on Images Taken with a Smartphone},
JOURNAL = {Healthcare},
VOLUME = {11},
YEAR = {2023},
NUMBER = {2},
ARTICLE-NUMBER = {273},
URL = {https://www.mdpi.com/2227-9032/11/2/273},
PubMedID = {36673641},
ISSN = {2227-9032},
ABSTRACT = {Wound assessment is essential for evaluating wound healing. One cornerstone of wound care practice is the use of clinical guidelines that mandate regular documentation, including wound size and wound tissue composition, to determine the rate of wound healing. The traditional method requires wound care professionals to manually measure the wound area and tissue composition, which is time-consuming, costly, and difficult to reproduce. In this work, we propose an approach for automatic wound assessment that incorporates automatic color and measurement calibration and artificial intelligence algorithms. Our approach enables the comparison of images taken at different times, even if they were taken under different lighting conditions, distances, lenses, and camera sensors. We designed a calibration chart and developed automatic algorithms for color and measurement calibration. The wound area and wound composition on the images were annotated by three physicians with more than ten years of experience. Deep learning models were then developed to mimic what the physicians did on the images. We examined two network variants, U-Net with EfficientNet and U-Net with MobileNetV2, on wound images with a size of 1024 × 1024 pixels. Our best-performing algorithm achieved a mean intersection over union (IoU) of 0.6964, 0.3957, 0.6421, and 0.1552 for segmenting a wound area, epithelialization area, granulation tissue, and necrotic tissue, respectively. Our approach was able to accurately segment the wound area and granulation tissue but was inconsistent with respect to the epithelialization area and necrotic tissue. The calibration chart, which helps calibrate colors and scales, improved the performance of the algorithm. The approach could provide a thorough assessment of the wound, which could help clinicians tailor treatment to the patient’s condition.},
DOI = {10.3390/healthcare11020273}
}

@misc{ulcerasCicatrizacixF3nxDAlcerasnet,
	author = {},
	title = {{L}a {C}icatrizaci\&#x{F}3;n | \&#x{D}{A};lceras.net --- ulceras.net},
	howpublished = {\url{https://ulceras.net/monografico/130/123/cicatrizacion.html#:~:text=Fase%20inflamatoria%3A}},
	year = {},
	note = {[Accessed 13-06-2025]},
}

@article{harris2010bates,
  title={Bates-Jensen wound assessment tool: pictorial guide validation project},
  author={Harris, Connie and Bates-Jensen, Barbara and Parslow, Nancy and Raizman, Rose and Singh, Mina and Ketchen, Robert},
  journal={Journal of Wound Ostomy \& Continence Nursing},
  volume={37},
  number={3},
  pages={253--259},
  year={2010},
  publisher={LWW}
}

@article{stotts2001instrument,
  title={An instrument to measure healing in pressure ulcers: development and validation of the pressure ulcer scale for healing (PUSH)},
  author={Stotts, Nancy A and Rodeheaver, George T and Thomas, David R and Frantz, Rita A and Bartolucci, Alfred A and Sussman, Carrie and Ferrell, Bruce A and Cuddigan, Janet and Maklebust, JoAnn},
  journal={The Journals of Gerontology Series A: Biological Sciences and Medical Sciences},
  volume={56},
  number={12},
  pages={M795--M799},
  year={2001},
  publisher={Oxford University Press}
}

@article{https://doi.org/10.48550/arxiv.2009.07141,
  doi = {10.48550/ARXIV.2009.07141},
  url = {https://arxiv.org/abs/2009.07141},
  author = {Anisuzzaman,  D. M. and Wang,  Chuanbo and Rostami,  Behrouz and Gopalakrishnan,  Sandeep and Niezgoda,  Jeffrey and Yu,  Zeyun},
  keywords = {Computers and Society (cs.CY),  Computer Vision and Pattern Recognition (cs.CV),  FOS: Computer and information sciences,  FOS: Computer and information sciences},
  title = {Image Based Artificial Intelligence in Wound Assessment: A Systematic Review},
  publisher = {arXiv},
  year = {2020},
  copyright = {Creative Commons Attribution Non Commercial Share Alike 4.0 International}
}

@inproceedings{Shi2014,
  title = {Jaccard index compensation for object segmentation evaluation},
  url = {http://dx.doi.org/10.1109/ICIP.2014.7025904},
  DOI = {10.1109/icip.2014.7025904},
  booktitle = {2014 IEEE International Conference on Image Processing (ICIP)},
  publisher = {IEEE},
  author = {Shi,  Ran and Ngan,  King Ngi and Li,  Songnan},
  year = {2014},
  month = oct,
  pages = {4457–4461}
}

@article{Zhang2022,
  title = {A comprehensive review of methods based on deep learning for diabetes-related foot ulcers},
  volume = {13},
  ISSN = {1664-2392},
  url = {http://dx.doi.org/10.3389/fendo.2022.945020},
  DOI = {10.3389/fendo.2022.945020},
  journal = {Frontiers in Endocrinology},
  publisher = {Frontiers Media SA},
  author = {Zhang,  Jianglin and Qiu,  Yue and Peng,  Li and Zhou,  Qiuhong and Wang,  Zheng and Qi,  Min},
  year = {2022},
  month = aug 
}
@article{Wang2020,
  title = {Fully automatic wound segmentation with deep convolutional neural networks},
  volume = {10},
  ISSN = {2045-2322},
  url = {http://dx.doi.org/10.1038/s41598-020-78799-w},
  DOI = {10.1038/s41598-020-78799-w},
  number = {1},
  journal = {Scientific Reports},
  publisher = {Springer Science and Business Media LLC},
  author = {Wang,  Chuanbo and Anisuzzaman,  D. M. and Williamson,  Victor and Dhar,  Mrinal Kanti and Rostami,  Behrouz and Niezgoda,  Jeffrey and Gopalakrishnan,  Sandeep and Yu,  Zeyun},
  year = {2020},
  month = dec 
}

@article{Sendilraj2024,
  title = {DFUCare: deep learning platform for diabetic foot ulcer detection,  analysis,  and monitoring},
  volume = {15},
  ISSN = {1664-2392},
  url = {http://dx.doi.org/10.3389/fendo.2024.1386613},
  DOI = {10.3389/fendo.2024.1386613},
  journal = {Frontiers in Endocrinology},
  publisher = {Frontiers Media SA},
  author = {Sendilraj,  Varun and Pilcher,  William and Choi,  Dahim and Bhasin,  Aarav and Bhadada,  Avika and Bhadadaa,  Sanjay Kumar and Bhasin,  Manoj},
  year = {2024},
  month = sep 
}

@article{Girmaw2025,
  title = {MobileNetV2 model for detecting and grading diabetic foot ulcer},
  volume = {7},
  ISSN = {3004-9261},
  url = {http://dx.doi.org/10.1007/s42452-025-06745-4},
  DOI = {10.1007/s42452-025-06745-4},
  number = {4},
  journal = {Discover Applied Sciences},
  publisher = {Springer Science and Business Media LLC},
  author = {Girmaw,  Dagne Walle and Taye,  Getie Balew},
  year = {2025},
  month = mar 
}

@article{Filko2023,
  title = {2D/3D Wound Segmentation and Measurement Based on a Robot-Driven Reconstruction System},
  volume = {23},
  ISSN = {1424-8220},
  url = {http://dx.doi.org/10.3390/s23063298},
  DOI = {10.3390/s23063298},
  number = {6},
  journal = {Sensors},
  publisher = {MDPI AG},
  author = {Filko,  Damir and Nyarko,  Emmanuel Karlo},
  year = {2023},
  month = mar,
  pages = {3298}
}

@article{Chemello2022,
  title = {Artificial Intelligence Methodologies Applied to Technologies for Screening,  Diagnosis and Care of the Diabetic Foot: A Narrative Review},
  volume = {12},
  ISSN = {2079-6374},
  url = {http://dx.doi.org/10.3390/bios12110985},
  DOI = {10.3390/bios12110985},
  number = {11},
  journal = {Biosensors},
  publisher = {MDPI AG},
  author = {Chemello,  Gaetano and Salvatori,  Benedetta and Morettini,  Micaela and Tura,  Andrea},
  year = {2022},
  month = nov,
  pages = {985}
}

@article{Ramachandram2022,
  title = {Fully Automated Wound Tissue Segmentation Using Deep Learning on Mobile Devices: Cohort Study},
  volume = {10},
  ISSN = {2291-5222},
  url = {http://dx.doi.org/10.2196/36977},
  DOI = {10.2196/36977},
  number = {4},
  journal = {JMIR mHealth and uHealth},
  publisher = {JMIR Publications Inc.},
  author = {Ramachandram,  Dhanesh and Ramirez-GarciaLuna,  Jose Luis and Fraser,  Robert D J and Martínez-Jiménez,  Mario Aurelio and Arriaga-Caballero,  Jesus E and Allport,  Justin},
  year = {2022},
  month = apr,
  pages = {e36977}
}

@article{Aldughayfiq2023,
  title = {YOLO-Based Deep Learning Model for Pressure Ulcer Detection and Classification},
  volume = {11},
  ISSN = {2227-9032},
  url = {http://dx.doi.org/10.3390/healthcare11091222},
  DOI = {10.3390/healthcare11091222},
  number = {9},
  journal = {Healthcare},
  publisher = {MDPI AG},
  author = {Aldughayfiq,  Bader and Ashfaq,  Farzeen and Jhanjhi,  N. Z. and Humayun,  Mamoona},
  year = {2023},
  month = apr,
  pages = {1222}
}

@article{Goyal2020,
  title = {DFUNet: Convolutional Neural Networks for Diabetic Foot Ulcer Classification},
  volume = {4},
  ISSN = {2471-285X},
  url = {http://dx.doi.org/10.1109/TETCI.2018.2866254},
  DOI = {10.1109/tetci.2018.2866254},
  number = {5},
  journal = {IEEE Transactions on Emerging Topics in Computational Intelligence},
  publisher = {Institute of Electrical and Electronics Engineers (IEEE)},
  author = {Goyal,  Manu and Reeves,  Neil D. and Davison,  Adrian K. and Rajbhandari,  Satyan and Spragg,  Jennifer and Yap,  Moi Hoon},
  year = {2020},
  month = oct,
  pages = {728–739}
}

@article{Cassidy2023,
  title = {Artificial intelligence for automated detection of diabetic foot ulcers: A real-world proof-of-concept clinical evaluation},
  volume = {205},
  ISSN = {0168-8227},
  url = {http://dx.doi.org/10.1016/j.diabres.2023.110951},
  DOI = {10.1016/j.diabres.2023.110951},
  journal = {Diabetes Research and Clinical Practice},
  publisher = {Elsevier BV},
  author = {Cassidy,  Bill and Hoon Yap,  Moi and Pappachan,  Joseph M. and Ahmad,  Naseer and Haycocks,  Samantha and O’Shea,  Claire and Fernandez,  Cornelious J. and Chacko,  Elias and Jacob,  Koshy and Reeves,  Neil D.},
  year = {2023},
  month = nov,
  pages = {110951}
}
@article{chen1976entity,
  title={The entity-relationship model—toward a unified view of data},
  author={Chen, Peter Pin-Shan},
  journal={ACM transactions on database systems (TODS)},
  volume={1},
  number={1},
  pages={9--36},
  year={1976},
  publisher={Acm New York, NY, USA}
}

@inbook{Hart1988,
  title = {Development of NASA-TLX (Task Load Index): Results of Empirical and Theoretical Research},
  ISSN = {0166-4115},
  url = {http://dx.doi.org/10.1016/S0166-4115(08)62386-9},
  DOI = {10.1016/s0166-4115(08)62386-9},
  booktitle = {Human Mental Workload},
  publisher = {Elsevier},
  author = {Hart,  Sandra G. and Staveland,  Lowell E.},
  year = {1988},
  pages = {139–183}
}